@article{Hinton2010,
  author = {Geoffrey Hinton},
  year = {2010},
  title = {A Practical Guide to Training Restricted Boltzmann Machines: Version 1},
  url = {https://www.cs.toronto.edu/~hinton/absps/guideTR.pdf}
}

@book{Murphy2012,
  author = {Kevin P. Murphy},
  year = {2012},
  title = {Machine Learning: A Probabilistic Perspective},
  isbn = {978-0-262-01802-9},
  publisher = {MIT Press}
}